@inproceedings{ranganath-2014,
    author = "Ranganath, Rajesh and Gerrish, Sean and Blei, David",
    title = "Black box variational inference",
    booktitle = "Artificial Intelligence and Statistics",
    pages = "814--822",
    year = "2014",
    file = ":/home/adam/.xapers/docs/0000000386/ranganath14.pdf:pdf"
}

@article{kuc-2017,
    author = "Kucukelbir, Alp and Tran, Dustin and Ranganath, Rajesh and Gelman, Andrew and Blei, David M",
    title = "Automatic differentiation variational inference",
    journal = "The Journal of Machine Learning Research",
    volume = "18",
    number = "1",
    pages = "430--474",
    year = "2017",
    publisher = "JMLR. org",
    file = ":/home/adam/.xapers/docs/0000000385/16-107.pdf:pdf"
}

@article{hoffman-2013,
    author = "Hoffman, Matthew D and Blei, David M and Wang, Chong and Paisley, John",
    title = "Stochastic variational inference",
    journal = "The Journal of Machine Learning Research",
    volume = "14",
    number = "1",
    pages = "1303--1347",
    year = "2013",
    publisher = "JMLR. org",
    file = ":/home/adam/.xapers/docs/0000000431/hoffman13a.pdf:pdf"
}

@article{radul-2009,
    author = "Radul, Alexey",
    title = "Propagation networks: A flexible and expressive substrate for computation",
    year = "2009",
    file = ":/home/adam/.xapers/docs/0000000429/MIT-CSAIL-TR-2009-053.pdf:pdf"
}